@misc{referenciarobles1,
		author = {User It},
		title = {Agile and DevOps},
		year = {ne},
		howpublished = {Recuperado de  { http://cort.as/-P7I7}},
		note = {Accedido 18-08-2019}
	}


@misc{referenciarobles2,
		author = {Maya Daneva},
		title = {DevOps Literature Review},
		year = {ne},
		howpublished = {Recuperado de  {http://cort.as/-P7Ff}},
		note = {Accedido 18-08-2019}
	}

@misc{referenciaSandoval1,
		author = {Beth Pariseau},
		title = {Contradicciones en DevOps de base de datos enmaraña la automatización de TI},
		year = {2017},
		howpublished = {Recuperado de  { https://bit.ly/2jVHzk9}},
		note = {Accedido 30-08-2019}
	}


@misc{referenciaSandoval2,
		author = {CA Technologies},
		title = {Devops: Salir victoriosos en la economía de las aplicaciones},
		year = {2014},
		howpublished = {Recuperado de  { https://bit.ly/2lP06Px}},
		note = {Accedido 30-08-2019}
	}